%% LaTeX2e file `CLB.bib'
%% generated by the `filecontents' environment
%% from source `CLB' on 2021/04/03.
%%
%-------------------------------------------------------------------------------
@article{lorido2014review,
  title={A review of auto-scaling techniques for elastic applications in cloud environments},
  author={Lorido-Botran, Tania and Miguel-Alonso, Jose and Lozano, Jose A},
  journal={Journal of grid computing},
  volume={12},
  pages={559--592},
  year={2014},
  publisher={Springer}
}
@article{robin2022clb,
  title={Clb: Coarse-grained precision traffic-aware weighted cost multipath load balancing on PISA},
  author={Robin, Debobroto Das and Khan, Javed I},
  journal={IEEE Transactions on Network and Service Management},
  volume={19},
  number={2},
  pages={784--803},
  year={2022},
  publisher={IEEE}
}
@article{wang2018cloud,
  title={Cloud-based sentiment analysis on hotel reviews using deep learning},
  author={Wang, Jian and Song, Yanzheng and Huang, Zheng and Yan, Qi},
  journal={Journal of Hospitality and Tourism Technology},
  volume={9},
  number={2},
  pages={228--240},
  year={2018},
  publisher={Emerald Publishing Limited}
}

@inproceedings{lu2020hardware,
  title={Hardware accelerator for multi-head attention and position-wise feed-forward in the transformer},
  author={Lu, Siyuan and Wang, Meiqi and Liang, Shuang and Lin, Jun and Wang, Zhongfeng},
  booktitle={2020 IEEE 33rd International System-on-Chip Conference (SOCC)},
  pages={84--89},
  year={2020},
  organization={IEEE}
}
@article{robin2021p4kp,
  title={{P4KP: QoS-Aware Top-K Best Path Using Programmable Switch}},
  author={Robin, Debobroto Das and Khan, Javed I},
  journal={IEEE Access},
  volume={9},
  pages={109115--109129},
  year={2021},
  publisher={IEEE}
}


@article{robin2022p4te,
  title={{P4TE: PISA switch based traffic engineering in fat-tree data center networks}},
  author={Robin, Debobroto Das and Khan, Javed I},
  journal={Computer Networks},
  pages={109210},
  year={2022},
  publisher={Elsevier}
}


@article{robin2022preprint,
  title={Preprint: Open Source Compiling for V1Model RMT Switch: Making Data Center Networking Innovation Accessible},
  author={Robin, Debobroto Das and Khan, Javed I},
  journal={arXiv preprint arXiv:2211.11916},
  year={2022}
}

@article{vaswani2017attention,
  title={Attention is all you need},
  author={Vaswani, Ashish and Shazeer, Noam and Parmar, Niki and Uszkoreit, Jakob and Jones, Llion and Gomez, Aidan N and Kaiser, {\L}ukasz and Polosukhin, Illia},
  journal={Advances in neural information processing systems},
  volume={30},
  year={2017}
}
@article{cortellessa2022model,
  title={A model-driven approach for continuous performance engineering in microservice-based systems},
  author={Cortellessa, Vittorio and Di Pompeo, Daniele and Eramo, Romina and Tucci, Michele},
  journal={Journal of Systems and Software},
  volume={183},
  pages={111084},
  year={2022},
  publisher={Elsevier}
}